<record><leader>00000cas a2200000 i 4500</leader><controlfield tag="001">7500268</controlfield><controlfield tag="007">hd afb---baaa</controlfield><controlfield tag="007">hd afb---baca</controlfield><controlfield tag="008">810612d189819uuwaumr nea     0   a0eng c</controlfield><datafield ind1=" " ind2=" " tag="010"><subfield code="a">  2016252036</subfield></datafield><datafield ind1=" " ind2=" " tag="040"><subfield code="a">WAU</subfield><subfield code="b">eng</subfield><subfield code="e">rda</subfield><subfield code="c">WAU</subfield><subfield code="d">OCL</subfield><subfield code="d">WAU</subfield><subfield code="d">OCLCF</subfield><subfield code="d">OCLCO</subfield><subfield code="d">WAU</subfield></datafield><datafield ind1=" " ind2=" " tag="042"><subfield code="a">pcc</subfield></datafield><datafield ind1=" " ind2=" " tag="043"><subfield code="a">n-us-wa</subfield></datafield><datafield ind1="0" ind2="0" tag="245"><subfield code="a">Industrial freedom.</subfield></datafield><datafield ind1=" " ind2="1" tag="264"><subfield code="a">Edison, Wash. :</subfield><subfield code="b">Brotherhood of the Co-operative Commonwealth</subfield></datafield><datafield ind1=" " ind2=" " tag="300"><subfield code="a">volumes</subfield></datafield><datafield ind1=" " ind2=" " tag="310"><subfield code="a">Monthly,</subfield><subfield code="b">&lt;Nov. 1901&gt;</subfield></datafield><datafield ind1=" " ind2=" " tag="321"><subfield code="a">Weekly,</subfield><subfield code="b">May 7, 1898-&lt;Nov. 27, 1900&gt;</subfield></datafield><datafield ind1=" " ind2=" " tag="336"><subfield code="a">text</subfield><subfield code="b">txt</subfield><subfield code="2">rdacontent</subfield></datafield><datafield ind1=" " ind2=" " tag="337"><subfield code="a">microform</subfield><subfield code="b">h</subfield><subfield code="2">rdamedia</subfield></datafield><datafield ind1=" " ind2=" " tag="338"><subfield code="a">microfilm reel</subfield><subfield code="b">hd</subfield><subfield code="2">rdacarrier</subfield></datafield><datafield ind1="1" ind2=" " tag="362"><subfield code="a">Began with: Volume 1, number 1 (May 7, 1898).</subfield></datafield><datafield ind1=" " ind2=" " tag="500"><subfield code="a">Published at Edison, Wash., May 7, 1898-Feb. 25, 1899; at Belfast, Wash., Mar. 4, 1899; at Equality, Wash., Mar. 11, 1899-&lt;Nov. 1, 1901&gt;</subfield></datafield><datafield ind1=" " ind2=" " tag="515"><subfield code="a">Vol. numbering dropped with no. 26 (Oct. 29, 1898).</subfield></datafield><datafield ind1=" " ind2=" " tag="515"><subfield code="a">Issues for &lt;   -Nov. 1, 1901&gt; called new ser., no. &lt; -9&gt;</subfield></datafield><datafield ind1=" " ind2=" " tag="550"><subfield code="a">Published Oct. 29, 1898-   by the Brotherhood under the name: Brotherhood Co-operative Commonwealth.</subfield></datafield><datafield ind1=" " ind2=" " tag="588"><subfield code="a">Description based on: Volume 1, number 1 (May 7, 1898); title from masthead.</subfield></datafield><datafield ind1=" " ind2=" " tag="588"><subfield code="a">Latest issue consulted: November 1, 1901.</subfield></datafield><datafield ind1=" " ind2=" " tag="533"><subfield code="a">Microfilm.</subfield><subfield code="b">Seattle, Wash. :</subfield><subfield code="c">University of Washington Libraries.</subfield><subfield code="e">1 reel ; 35 cm.</subfield></datafield><datafield ind1=" " ind2="0" tag="651"><subfield code="a">Equality Colony (Skagit County, Wash.)</subfield><subfield code="v">Newspapers.</subfield></datafield><datafield ind1=" " ind2="0" tag="651"><subfield code="a">Edison (Wash.)</subfield><subfield code="v">Newspapers.</subfield></datafield><datafield ind1=" " ind2="7" tag="651"><subfield code="a">Washington (State)</subfield><subfield code="z">Edison.</subfield><subfield code="2">fast</subfield><subfield code="0">(OCoLC)fst01886499</subfield></datafield><datafield ind1=" " ind2="7" tag="651"><subfield code="a">Washington (State)</subfield><subfield code="z">Equality Colony (Skagit County)</subfield><subfield code="2">fast</subfield><subfield code="0">(OCoLC)fst01317822</subfield></datafield><datafield ind1=" " ind2="7" tag="655"><subfield code="a">Newspapers.</subfield><subfield code="2">fast</subfield><subfield code="0">(OCoLC)fst01423814</subfield></datafield><datafield ind1="2" ind2=" " tag="710"><subfield code="a">Brotherhood of the Co-operative Commonwealth.</subfield></datafield><datafield ind1=" " ind2=" " tag="752"><subfield code="a">United States</subfield><subfield code="b">Washington</subfield><subfield code="c">Skagit</subfield><subfield code="d">Edison.</subfield></datafield><datafield ind1="1" ind2=" " tag="776"><subfield code="t">Industrial freedom</subfield><subfield code="x">2333-8466</subfield><subfield code="w">(DLC)sn 88085617</subfield><subfield code="w">(OCoLC)18032509</subfield></datafield></record>